<?xml version="1.0" encoding="UTF-8"?><collection xmlns="http://www.loc.gov/MARC21/slim"><record><leader>00444nam--2200133-i-4500</leader><controlfield tag="001">000023957</controlfield><controlfield tag="002">20161230</controlfield><controlfield tag="005">20161230201035</controlfield><controlfield tag="008">060222s1000------------r-----000-0-eng-d</controlfield><datafield ind1=" " ind2=" " tag="080"><subfield code="a">547.96:543.3(043)</subfield></datafield><datafield ind1=" " ind2=" " tag="100"><subfield code="a">Jauch, Wolfgang</subfield></datafield><datafield ind1=" " ind2=" " tag="245"><subfield code="a">Berechnung der messzeiten fur neutronenbeugungsuntersuchungen von proteinen ein beitrag zur statistischen experimentplanung. dissertation</subfield></datafield><datafield ind1=" " ind2=" " tag="260"><subfield code="a">Berlin, Universitat, 1979, 93p.+ Dif</subfield></datafield><datafield ind1=" " ind2=" " tag="852"><subfield code="a">48209</subfield></datafield></record></collection>